<?xml version="1.0" encoding="UTF-8"?><record xmlns="http://www.loc.gov/MARC21/slim" xmlns:cinclude="http://apache.org/cocoon/include/1.0" xmlns:zs="http://www.loc.gov/zing/srw/">
  <leader>00460cz  a2200133n  4500</leader>
  <controlfield tag="001">n  85026968 </controlfield>
  <controlfield tag="003">DLC</controlfield>
  <controlfield tag="005">20141209074058.0</controlfield>
  <controlfield tag="008">850603n| azannaab           |n aad      </controlfield>
  <datafield tag="010" ind1=" " ind2=" ">
    <subfield code="a">n  85026968 </subfield>
  </datafield>
  <datafield tag="040" ind1=" " ind2=" ">
    <subfield code="a">DLC</subfield>
    <subfield code="b">eng</subfield>
    <subfield code="e">rda</subfield>
    <subfield code="c">DLC</subfield>
    <subfield code="d">DLC</subfield>
  </datafield>
  <datafield tag="046" ind1=" " ind2=" ">
    <subfield code="f">1898</subfield>
  </datafield>
  <datafield tag="100" ind1="1" ind2=" ">
    <subfield code="a">MacCallum, Daniel Bartlett,</subfield>
    <subfield code="d">1898-</subfield>
  </datafield>
  <datafield tag="670" ind1=" " ind2=" ">
    <subfield code="a">LCCN 70-296461: His The arterial blood supply of the mammalian kidney, 1923</subfield>
    <subfield code="b">(hdg.: MacCallum, Daniel Bartlett, 1898- ; usage: Daniel Bartlett MacCallum)</subfield>
  </datafield>
</record>